

% Source Detection
@inproceedings{SZ10,  title={Detecting sources of computer viruses in networks: theory and experiment},  author={Shah, D. and Zaman, T.},  booktitle={ACM SIGMETRICS Performance Evaluation Review}, year={2010},  organization={ACM}}
@ARTICLE{SZ11a, author={Shah, D. and Zaman, T.}, journal={Information Theory, IEEE Transactions on}, title={Rumors in a Network: Who's the Culprit?}, year={2011}, month={Aug}, volume={57}, number={8}, pages={5163-5181} }
@article{SZ11b,  title={Finding rumor sources on random graphs},  author={Shah, D. and Zaman, T.},  journal={arXiv preprint arXiv:1110.6230},  year={2011}}
@inproceedings{SZ12,  title={Rumor centrality: a universal source detector},  author={Shah, D. and Zaman, T.},  booktitle={SIGMETRICS Performance Evaluation Review},  volume={40},  number={1},  pages={199--210},  year={2012},  organization={ACM}}
@article{WDZT14,  title={Rumor Source Detection with Multiple Observations: Fundamental Limits and Algorithms},  author={Wang, Zhaoxu and Dong, Wenxiang and Zhang, Wenyi and Tan,
Chee Wei},  booktitle={Proceedings of the ACM SIGMETRICS },year={2014} }
@inproceedings{PVF12,  title={Spotting culprits in epidemics: How many and which ones?},  author={Prakash, B. A. and Vreeken, J. and Faloutsos, C.},  booktitle={ICDM},  volume={12},  pages={11--20},  year={2012}}
@article{FC12,  title={Predicting the sources of an outbreak with a spectral technique},  author={Fioriti, V. and Chinnici, M.},  journal={arXiv preprint arXiv:1211.2333},  year={2012}}
@article{ZY13,  title={A Robust Information Source Estimator with Sparse Observations},  author={Zhu, K. and Ying, L.},  journal={arXiv preprint arXiv:1309.4846},  year={2013} }
@article{LMOZ13,  title={Inferring the origin of an epidemic with dynamic message-passing algorithm},  author={Lokhov, A. Y. and M{\'e}zard, M. and Ohta, H. and Zdeborov{\'a}, L.},  journal={arXiv preprint arXiv:1303.5315},  year={2013}}


@article{luo2013identify,
  title={How to Identify an Infection Source with Limited Observations},
  author={Luo, Wuqiong and Tay, W and Leng, Mei},
  year={2013},
  publisher={IEEE},
  journal={IEEE Journal of Selected Topics in Signal Processing}
}


@inproceedings{Austin1,
 author = {Milling, Chris and Caramanis, Constantine and Mannor, Shie and Shakkottai, Sanjay},
 title = {Network Forensics: Random Infection vs Spreading Epidemic},
 booktitle = {Proceedings of SIGMETRICS},
 year = {2012},
 isbn = {978-1-4503-1097-0},
 location = {London, England, UK},
 pages = {223--234},
 numpages = {12},
 url = {http://doi.acm.org/10.1145/2254756.2254784},
 doi = {10.1145/2254756.2254784},
 acmid = {2254784},
 publisher = {ACM},
 address = {New York, NY, USA},
 keywords = {epidemic process, network inference},
}

@inproceedings{Austin2,
   author              = {C. Milling and
                          C. Caramanis and
                          S. Mannor and
                          S. Shakkottai},
   title               = {Detecting epidemics using highly noisy data.},
   booktitle           = {MobiHoc},
   year                = {2013},
   pages               = {177-186},
   ee                  = {http://doi.acm.org/10.1145/2491288.2491294},
   crossref            = {2013},
}

@inproceedings{Austin3,
   author              = {E. A. Meirom and
                          C. Milling and
                          C. Caramanis and
                          S. Mannor and
                          A. Orda and
                          S.  Shakkottai},
   title               = {Localized epidemic detection in networks with overwhelming noise.},
   journal             = {CoRR},
   year                = {2014},
   ee                  = {http://arxiv.org/abs/1402.1263},
}

@inproceedings{Austin4,
   author              = {C. Milling and
                          C. Caramanis and
                          S. Mannor and
                          S. Shakkottai},
   title               = {On identifying the causative network of an epidemic.},
   booktitle           = {Allerton Conference},
   year                = {2012},
   pages               = {909-914},
   ee                  = {http://dx.doi.org/10.1109/Allerton.2012.6483315},
   crossref            = {2012},
}





% Datasets
@inproceedings{viswanath-2009-activity,
  author = {Bimal Viswanath and Alan Mislove and Meeyoung Cha and Krishna P. Gummadi},
  title = {On the Evolution of User Interaction in Facebook},
  booktitle = {Proc. of ACM SIGCOMM Workshop on Social Networks},
  year = {2009}
}

@article{ugander2011anatomy,
  title={The anatomy of the facebook social graph},
  author={Ugander, Johan and Karrer, Brian and Backstrom, Lars and Marlow, Cameron},
  journal={arXiv preprint arXiv:1111.4503},
  year={2011}
}


% Anonymous Social Media
@article{safebook,  title={Safebook: A privacy-preserving online social network leveraging on real-life trust},  author={Cutillo, Leucio Antonio and Molva, Refik and Strufe, Thorsten},  journal={Communications Magazine, IEEE},  volume={47},  number={12},  pages={94--101},  year={2009},  publisher={IEEE} }
@inproceedings{oneswarm,  title={Privacy-preserving P2P data sharing with OneSwarm},  author={Isdal, T. and Piatek, M. and Krishnamurthy, A. and Anderson, T.},  booktitle={ACM SIGCOMM Computer Communication Review},  volume={40},  number={4},  pages={111--122},  year={2010},  organization={ACM}}

@article{shah2011rumors,
  title={Rumors in a Network: Who's the Culprit?},
  author={Shah, Devavrat and Zaman, Tauhid},
  journal={IEEE Transactions on Information Theory},
  year={2011},
  publisher={IEEE}
}

@book{koehler1999stasi,
  title={{STASI: The untold story of the East German secret police}},
  author={Koehler, John O},
  year={1999},
  publisher={Basic Books}
}

@article{waidner1989dining,
  title={The dining cryptographers in the disco: Unconditional sender and recipient untraceability with computationally secure serviceability},
  author={Waidner, Michael and Pfitzmann, Birgit and others},
  journal={Advances in Cryptologyâ€”EUROCRYPT},
  year={1989}
}

@inproceedings{wolinsky2012dissent,
  title={Dissent in Numbers: Making Strong Anonymity Scale.},
  author={Wolinsky, David Isaac and Corrigan-Gibbs, Henry and Ford, Bryan and Johnson, Aaron},
  booktitle={Proc. of OSDI},
  year={2012},
  organization={ACM}
}

@inproceedings{golle2004dining,
  title={Dining cryptographers revisited},
  author={Golle, Philippe and Juels, Ari},
  booktitle={Advances in Cryptology-Eurocrypt},
  year={2004},
  organization={Springer}
}

@incollection{van2010anonymous,
  title={Anonymous one-time broadcast using non-interactive dining cryptographer nets with applications to voting},
  author={van de Graaf, Jeroen},
  booktitle={Towards Trustworthy Elections},
  year={2010},
  publisher={Springer}
}

@incollection{fazio2012outsider,
  title={Outsider-anonymous broadcast encryption with sublinear ciphertexts},
  author={Fazio, Nelly and Perera, Irippuge Milinda},
  booktitle={Public Key Cryptography},
  year={2012},
  publisher={Springer}
}

@inproceedings{corrigan2010dissent,
  title={Dissent: accountable anonymous group messaging},
  author={Corrigan-Gibbs, H. and Ford, B.},
  booktitle={Proc. of CCS},
  year={2010},
  organization={ACM},
  }

@inproceedings{von2003k,
  title={K-anonymous message transmission},
  author={von Ahn, L. and Bortz, A. and Hopper, N.J.},
  booktitle={Proceedings of CCS},
  year={2003},
  organization={ACM},
  pages={122--130},
}

@incollection{libert2012anonymous,
  title={Anonymous broadcast encryption: Adaptive security and efficient constructions in the standard model},
  author={Libert, Beno{\^\i}t and Paterson, Kenneth G and Quaglia, Elizabeth A},
  booktitle={Public Key Cryptography},
  year={2012},
  publisher={Springer}
}

@inproceedings{fujioka1993practical,
  title={A practical secret voting scheme for large scale elections},
  author={Fujioka, Atsushi and Okamoto, Tatsuaki and Ohta, Kazuo},
  booktitle={Advances in Cryptology},
  year={1993},
  organization={Springer}
}

@inproceedings{freenet,
  title={Freenet: A distributed anonymous information storage and retrieval system},
  author={Clarke, I. and Sandberg, O. and Wiley, B. and Hong, T.W.},
  booktitle={Designing Privacy Enhancing Technologies},
  year={2001},
  organization={Springer},
  pages={46--66},
}

@inproceedings{shah2012rumor,
  title={Rumor centrality: a universal source detector},
  author={Shah, Devavrat and Zaman, Tauhid},
  booktitle={SIGMETRICS},
  volume={40},
  number={1},
  year={2012},
  organization={ACM}
}

@article{reiter1998crowds,
  title={Crowds: Anonymity for web transactions},
  author={Reiter, Michael K and Rubin, Aviel D},
  journal={ACM Transactions on Information and System Security},
  year={1998},
  publisher={ACM}
}

@article{chaum1981untraceable,
  title={Untraceable electronic mail, return addresses, and digital pseudonyms},
  author={Chaum, David L},
  journal={Communications of the ACM},
  year={1981},
  publisher={ACM}
}


% Dissent Network
@inproceedings {dissent, author = {Shaddi Hasan and Yahel Ben-David and Giulia Fanti and Eric Brewer and Scott Shenker},title = {Building Dissent Networks: Towards Effective Countermeasures against Large-Scale Communications Blackouts},booktitle = {Presented as part of the 3rd USENIX Workshop on Free and Open Communications on the Internet},year = {2013},location = {Washington, D.C.},publisher = {USENIX},address = {Berkeley, CA}}@article{BBF,  title={Rangzen: Anonymity Preserving Microblogging Service to Circumvent Government-Imposed Communication Blackouts \& Censorship},
  author={Ben-David, Yahel and Benthall, Sebastian and Fanti, Giulia}}

@misc{whisper,
title={Whisper},
note={\url{http://whisper.sh}}
}
@misc{secret,
title={Secret},
note={\url{https://www.secret.ly}}
}

@misc{yikyak,
title={Yik Yak},
note={\url{http://www.yikyakapp.com/}}
}

@misc{nsa,
title={A glimpse at the packet sniffing that the NSA does},
note={\url{http://www.liveleak.com/view?i=6a1_1376067162}}
}
@misc{bittorrent,
title={Bit Torrent },
note={\url{http://www.bittorrent.com/}}
}

% Anonymous participation is often considered a basic right in free societies
@article{YL1961,
     jstor_articletype = {research-article},
     title = {The Constitutional Right to Anonymity: Free Speech, Disclosure and the Devil},
     author = {},
     journal = {The Yale Law Journal},
     jstor_issuetitle = {},
     volume = {70},
     number = {7},
     jstor_formatteddate = {Jun., 1961},
   url = {http://www.jstor.org/stable/794351},
     ISSN = {00440094},
     abstract = {},
     language = {English},
     year = {1961},
     publisher = {The Yale Law Journal Company, Inc.},
     copyright = {Copyright Â© 1961 The Yale Law Journal Company, Inc.},
     pages = {pp. 1084-1128},
}

@inproceedings{ekambaram2013multiresolution,
  title={Multiresolution graph signal processing via circulant structures},
  author={Ekambaram, V.N. and Fanti, G.C. and Ayazifar, B. and Ramchandran, K.},
  booktitle={Proc. DSP/SPE},
  year={2013},
  organization={IEEE},
  pages={112--117},
}

@misc{tox,
title={Tox},
note={\url{www.tox.im}}
}

@inproceedings{fanti_allerton,
title={Multi-Server Private Information Retrieval Over Unsynchronized Databases},
author={G. Fanti and K. Ramchandran},
booktitle={Proc. Allerton},
year=2014
}

@article{kairouz2014extremal,
  title={Extremal Mechanisms for Local Differential Privacy},
  author={Kairouz, P. and Oh, S. and Viswanath, P.},
  journal={arXiv preprint arXiv:1407.1338},
  year={2014}
}




@article{kairouz2014optimality,
  title={Optimality of Non-Interactive Randomized Response},
  author={Kairouz, P. and Oh, S. and Viswanath, P.},
  journal={arXiv preprint arXiv:1407.1546},
  year={2014}
}

@article{fanti2013one,
  title={One-way private media search on public databases},
  author={Fanti, G. and Finiasz, M. and Ramchandran, K.},
  journal={SPM},
  volume={30},
  number={2},
  year={2013},
  publisher={IEEE},
  pages={53--61},
}

@inproceedings{von2003k,
  title={K-anonymous message transmission},
  author={von Ahn, L. and Bortz, A. and Hopper, N.J.},
  booktitle={Proc. CCS},
  year={2003},
  organization={ACM},
  pages={122--130},
}

@techreport{goel2003herbivore,
  title={Herbivore: A scalable and efficient protocol for anonymous communication},
  author={Goel, S. and Robson, M. and Polte, M. and Sirer, E.},
  year={2003},
  institution={Cornell }
}

@misc{viral,
title={Executive loses job after Chick-fil-A rant video goes viral},
author={Villareal, P.},
howpublished={Arizona Daily Star},
month={August},
year=2012
}

@misc{leberknight2012taxonomy,
  title={A taxonomy of Internet censorship and anti-censorship},
  author={Leberknight, C.S. and Chiang, M. and Poor, Ha.V. and Wong, F.},
  year={2012},
  publisher={working paper, December 2010. As of August 21, 2012: http://www. princeton. edu/\~{} chiangm/anticensorship. pdf}
}

@inproceedings{tarzan,
  title={Tarzan: A peer-to-peer anonymizing network layer},
  author={Freedman, M.J. and Morris, R.},
  booktitle={Proc. CCS},
  year={2002},
  organization={ACM},
  pages={193--206},
}

@ARTICLE {whisper14,
    author  = "Lewis, P. and Rushe, D.",
    title   = "Revealed: how {W}hisper app tracks â€˜anonymousâ€™ users",
    journal = "The Gaurdian",
    year    = "2014",
    month   = "oct"
}


@techreport{tor,
  title={Tor: The second-generation onion router},
  author={Dingledine, R. and Mathewson, N. and Syverson, P.},
  year={2004},
  institution={DTIC Document}
}

@inproceedings{freeHavenProject,
  title={The free haven project: Distributed anonymous storage service},
  author={Dingledine, R. and Freedman, M.J. and Molnar, D.},
  booktitle={Designing Privacy Enhancing Technologies},
  year={2001},
  organization={Springer},
  }

@inproceedings{freenet,
  title={Freenet: A distributed anonymous information storage and retrieval system},
  author={Clarke, I. and Sandberg, O. and Wiley, B. and Hong, T.W.},
  booktitle={Designing Privacy Enhancing Technologies},
  year={2001},
  organization={Springer},
  pages={46--66},
}


@article{chaum88,
  title={The dining cryptographers problem: Unconditional sender and recipient untraceability},
  author={Chaum, D.},
  journal={Journal of cryptology},
  year={1988},
  publisher={Springer},
  }



@article{KFSV14,  title={Spy vs. Spy: Rumor Source Obfuscation},  author={Kairouz, P. and Fanti, G. and Oh, S. and Viswanath, P.},  journal = {SIGMETRICS Perform. Eval. Rev.},  year={2015}}}

% Source Detection
@inproceedings{SZ10,  title={Detecting sources of computer viruses in networks: theory and experiment},  author={Shah, D. and Zaman, T.},  booktitle={ACM SIGMETRICS Performance Evaluation Review},  volume={38},  number={1}, pages={203--214},  year={2010},  organization={ACM}}

@ARTICLE{SZ11a, author={Shah, D. and Zaman, T.}, journal={Information Theory, IEEE Transactions on}, title={Rumors in a Network: Who's the Culprit?}, year={2011}, month={Aug}, volume={57}, number={8}, pages={5163-5181}
}

@article{SZ11b,  title={Finding rumor sources on random graphs},  author={Shah, D. and Zaman, T.},  journal={arXiv preprint arXiv:1110.6230},  year={2011}}
@inproceedings{SZ12,  title={Rumor centrality: a universal source detector},  author={Shah, D. and Zaman, T.},  booktitle={ACM SIGMETRICS Performance Evaluation Review},  volume={40},  number={1}, pages={199--210},  year={2012},  organization={ACM}
}
@article{WDZT14,  title={Rumor Source Detection with Multiple Observations: Fundamental Limits and Algorithms},  author={Wang, Zhaoxu and Dong, Wenxiang and Zhang, Wenyi and Tan,
Chee Wei},  booktitle={Proceedings of the ACM SIGMETRICS },year={2014} }
@inproceedings{PVF12,  title={Spotting culprits in epidemics: How many and which ones?},  author={Prakash, B. A. and Vreeken, J. and Faloutsos, C.},  booktitle={ICDM},  volume={12}, pages={11--20},  year={2012}
}
@article{FC12,  title={Predicting the sources of an outbreak with a spectral technique},  author={Fioriti, V. and Chinnici, M.},  journal={arXiv preprint arXiv:1211.2333},  year={2012}}

@inproceedings{zhu2013information,
  title={Information source detection in the SIR model: A sample path based approach},
  author={Zhu, Kai and Ying, Lei},
  booktitle={Proc. of Information Theory and Applications Workshop},
  year={2013},
  organization={IEEE}
}
@article{ZY13,  title={A Robust Information Source Estimator with Sparse Observations},  author={Zhu, K. and Ying, L.},  journal={arXiv preprint arXiv:1309.4846},  year={2013} }
@article{LMOZ13,  title={Inferring the origin of an epidemic with dynamic message-passing algorithm},  author={Lokhov, A. Y. and M{\'e}zard, M. and Ohta, H. and Zdeborov{\'a}, L.},  journal={arXiv preprint arXiv:1303.5315},  year={2013}}
@article{pinto,  title={Locating the source of diffusion in large-scale networks},  author={Pinto, P. C. and Thiran, P. and Vetterli, M.},  journal={APS Physical review letters},  year={2012},  publisher={APS}
}

@article{lokhov2014inferring,
  title={Inferring the origin of an epidemic with a dynamic message-passing algorithm},
  author={Lokhov, Andrey Y and M{\'e}zard, Marc and Ohta, Hiroki and Zdeborov{\'a}, Lenka},
  journal={APS Physical Review E},
  year={2014},
  publisher={APS}
}

@inproceedings{seo2012identifying,
  title={Identifying rumors and their sources in social networks},
  author={Seo, Eunsoo and Mohapatra, Prasant and Abdelzaher, Tarek},
  booktitle={SPIE Defense, Security, and Sensing},
  year={2012},
  organization={ISOP}
}

@article{fioriti2012predicting,
  title={Predicting the sources of an outbreak with a spectral technique},
  author={Fioriti, Vincenzo and Chinnici, Marta},
  journal={arXiv preprint arXiv:1211.2333},
  year={2012}
}

@inproceedings{karamchandani2013rumor,
  title={Rumor source detection under probabilistic sampling},
  author={Karamchandani, Nikhil and Franceschetti, Massimo},
  booktitle={Proc. of International Symposium on Information Theory},
  year={2013},
  organization={IEEE}
}

% Anonymous Social Media
@article{safebook,  title={Safebook: A privacy-preserving online social network leveraging on real-life trust},  author={Cutillo, Leucio Antonio and Molva, Refik and Strufe, Thorsten},  journal={Communications Magazine, IEEE},  volume={47},  number={12},year={2009},  publisher={IEEE},  pages={94--101}
}
@inproceedings{oneswarm,  title={Privacy-preserving P2P data sharing with OneSwarm},  author={Isdal, T. and Piatek, M. and Krishnamurthy, A. and Anderson, T.},  booktitle={ACM SIGCOMM Computer Communication Review},  volume={40},  number={4},
year={2010},  organization={ACM},
pages={111--122},
}


% Dissent Network
@inproceedings {dissent, author = {Shaddi Hasan and Yahel Ben-David and Giulia Fanti and Eric Brewer and Scott Shenker},title = {Building Dissent Networks: Towards Effective Countermeasures against Large-Scale Communications Blackouts},booktitle = {Presented as part of the 3rd USENIX Workshop on Free and Open Communications on the Internet},year = {2013},location = {Washington, D.C.},publisher = {USENIX},address = {Berkeley, CA}}@article{BBF,  title={Rangzen: Anonymity Preserving Microblogging Service to Circumvent Government-Imposed Communication Blackouts \& Censorship},
  author={Ben-David, Yahel and Benthall, Sebastian and Fanti, Giulia}}















@article{Hel97,
  title={A brief history of anon. penet. fi--the legendary anonymous remailer},
  author={Helmers, Sabine},
  journal={Computer-Mediated Comunication Magazine},
  volume={4},
  pages={9},
  year={1997}
}
@article{Cav09,
  title={Privacy by design},
  author={Cavoukian, Ann},
  journal={Take the Challenge. Information and Privacy Commissioner of Ontario, Canada},
  year={2009}
}


% Deanonymizing social networks
@inproceedings{narayanan2009anonymizing,
  title={De-anonymizing social networks},
  author={Narayanan, Arvind and Shmatikov, Vitaly},
  booktitle={Security and Privacy, 2009 30th IEEE Symposium on},
  pages={173--187},
  year={2009},
  organization={IEEE}
}

@inproceedings{backstrom2007wherefore,
  title={Wherefore art thou r3579x?: anonymized social networks, hidden patterns, and structural steganography},
  author={Backstrom, Lars and Dwork, Cynthia and Kleinberg, Jon},
  booktitle={Proc. of World Wide Web},
  year={2007},
  organization={ACM}
}
@inproceedings{novak2004anti,
  title={Anti-aliasing on the web},
  author={Novak, Jasmine and Raghavan, Prabhakar and Tomkins, Andrew},
  booktitle={Proc. of  World Wide Web},
  year={2004},
  organization={ACM}
}
@article{narayanan2006break,
  title={How to break anonymity of the netflix prize dataset},
  author={Narayanan, Arvind and Shmatikov, Vitaly},
  journal={arXiv preprint cs/0610105},
  year={2006}
}

@article{brennan2012adversarial,
  title={Adversarial stylometry: Circumventing authorship recognition to preserve privacy and anonymity},
  author={Brennan, Michael and Afroz, Sadia and Greenstadt, Rachel},
  journal={ACM Transactions on Information and System Security (TISSEC)},
  volume={15},
  number={3},
  pages={12},
  year={2012},
  publisher={ACM}
}
@inproceedings{mcdonald2012use,
  title={Use fewer instances of the "i": Toward writing style anonymization},
  author={McDonald, Andrew WE and Afroz, Sadia and Caliskan, Aylin and Stolerman, Ariel and Greenstadt, Rachel},
  booktitle={Privacy Enhancing Technologies},
  pages={299--318},
  year={2012},
  organization={Springer}
}
